@article{dgm,
Author = "X. Liu and N. Qin and H. Xia",
Title = "Fast dynamic grid deformation based on Delaunay Graph mapping",
JOURNAL="J. Comput. Phy.",
VOLUME= "211",
PAGES= "405-423",
YEAR=2006
}

@article{rbf,
Author = "A. de Boer and M.S. van der Schoot and H. Bijl",
Title = "Mesh deformation based on radial basis function interpolation",
JOURNAL="Computers and Structures",
VOLUME= "85",
PAGES= "784-795",
YEAR=2007
}

@article{dgrbf,
Author = "Y. Wang and N. Qin and N. Zhao",
Title = "Delaunay graph and radial basis function for fast quality mesh deformation",
JOURNAL="J. Comput. Phy.",
VOLUME= "294",
PAGES= "149-172",
YEAR=2015
}

@Misc{hartmann,
  author = 	 {Ralf Hartmann and Tobias Leicht},
  title = 	 {High-order unstructured grid generation and Discontinuous {G}alerkin discretization applied to a {3D} high-lift configuration},
  howpublished = {53\textsuperscript{rd} AIAA Aerospace Sciences Meeting (SciTech 2015), {AIAA} 2015-0819, Kissimmee, Florida},
  year = 	 2015}

@article{persson,
Author = "P.-O. Persson and J. Peraire",
Title = "High-order unstructured grid generation and Discontinuous Galerkin discretization applied to a 3D high-lift configuration",
JOURNAL="Proc. of the 47th AIAA Aerospace Sciences Meeting",
YEAR=2009
}

@article{perssonelast,
Author = "P.-O. Persson and J. Peraire",
Title = "Curved mesh generation and mesh refinement using Lagrangian solid mechancics",
JOURNAL="47th AIAA Aerospace Sciences Meeting including The New Horizons Forum and Aerospace Exposition",
YEAR=2009
}

@article{chernikov,
Author = "J. Xu and A.N. Chernikov",
Title = "Automatic curvilinear quality mesh generation driven by smooth boundary and gauranteed fidelity",
JOURNAL="23rd International Meshing Roundtable, Procedia Engineering",
VOLUME= "82",
PAGES= "200-212",
YEAR=2014
}

@article{xie,
Author = "Z.Q. Xie and R. Sevilla and O. Hassan and K. Morgan",
Title = "The generation of arbitrary order curved meshes for 3D finite element analysis",
JOURNAL="Comput. Mech.",
VOLUME= "51",
PAGES= "361-374",
YEAR=2012
}

@article{mavriplis,
Author = "L. Wang and D.J. Mavriplis and W.K. Anderson",
Title = "Unsteady Discrete Adjoint Formulation for High-order Discontinuous Galerkin Discretizations in Time-dependent Flow Problems",
JOURNAL="48th AIAA Aerospace Sciences Meeting Including the New Horizons Forum and Aerospace Exposition",
VOLUME= "AIAA 2010-637",
YEAR=2010
}

@article{farhat,
Author = "C. Farhat and C. Degand and B. Koobus and M. Lesoinne",
Title = "Torsional springs for two-dimensional dynamic unstructured fluid meshes",
JOURNAL="Comput. Methods Appl. Mech. Engrg.",
VOLUME= "163",
PAGES= "231-245",
YEAR=1998
}

@article{sherwin,
Author = "S.J. Sherwin and J. Peiro",
Title = "Mesh generation in curvilinear domains using high-order elements",
JOURNAL="Int. J. Numer. Meth. Engng",
VOLUME= "53",
PAGES= "207-223",
YEAR=2002
}