%%------- Mesh movement ---------

@article{mm:rbf,
    author    = "A. de Boer and M.S. van der Schoot and M. Bijl",
    title     = "Mesh deformation based on radial basis function interpolation",
    journal   = "Computers \& Structures",
    volume   = "85",
    pages    = "784-795",
    year      = "2007",
    %month    = "",
    %note     = "",
}

@article{mm:rbf2,
    author    = "T.C.S. Rendall and C.B. Allen",
    title     = "Efficient mesh motion using radial basis functions with data reduction algorithms",
    journal   = "Journal of Computational Physics",
    volume   = "228",
    pages    = "6231-6249",
    year      = "2009",
    %month    = "",
    %note     = "",
}

@article{mm:dgm,
Author = "X. Liu and N. Qin and H. Xia",
Title = "Fast dynamic grid deformation based on {D}elaunay graph mapping",
JOURNAL="Journal of Computational Physics",
VOLUME= "211",
PAGES= "405-423",
YEAR=2006
}

@article{mm:dgrbf,
Author = "Y. Wang and N. Qin and N. Zhao",
Title = "Delaunay graph and radial basis function for fast quality mesh deformation",
JOURNAL="Journal of Computational Physics",
VOLUME= "294",
PAGES= "149--172",
YEAR=2015
}

@article{mm:torsionsprings,
    author    = "C. Farhat and C. Degand and B. Koobus and M. Lesoinne",
    title     = "Torsional springs for two-dimensional dynamic unstructured fluid meshes",
    journal   = "Computer methods in applied mechanics and engineering",
    volume   = "163",
    PAGES    = "231-245",
    YEAR      = "1998"
}

@article{mm:batina,
    author    = "J.T. Batina",
    title     = "Unsteady {E}uler Algorithm with Unstructured Dynamic Mesh for Complex-Aircraft Aerodynamic Analysis",
    journal   = "{AIAA} Journal",
    volume   = "29",
    number   = "3",
    pages    = "327-333",
    year      = "1991",
    %month    = "",
    %note     = "",
}

@article{mm:explicit,
    author    = "E. Luke and E. Collins and E. Blades",
    title     = "A fast mesh deformation method using explicit interpolation",
    journal   = "Journal of Computational Physics",
    volume   = "231",
    pages    = "586-601",
    year      = "2012",
    %month    = "",
    %note     = "",
}

@article{qualknupp,
	author = "P.M. Knupp",
	title = "Algebraic mesh quality measures for unstructured initial meshes",
	journal = "Finite Elements in Analysis and Design",
	volume = 39,
	pages = "217--241",
	year = 2003
}

%%------------ Curved mesh ------------- 

@article{surface,
    author    = "X. Jiao and D. Wang",
    title     = "Reconstructing high-order surfaces for meshing",
    journal   = "Engineering with Computers",
    volume   = "28",
    pages    = "361-373",
    year      = "2012",
    %month    = "",
    %note     = "",
}

@Misc{curve:hartmann,
  author = 	 {Ralf Hartmann and Tobias Leicht},
  title = 	 {High-order unstructured grid generation and Discontinuous {G}alerkin discretization applied to a {3D} high-lift configuration},
  howpublished = {53\textsuperscript{rd} AIAA Aerospace Sciences Meeting (SciTech 2015), {AIAA} 2015-0819, Kissimmee, Florida},
  year = 	 2015
 }

% non-linear solid mechanics mesh movement
@conference{curve:persson,
    author    = "P.-O. Persson and J. Peraire",
    title     = "Curved mesh generation and mesh refinement using lagrangian solid mechanics",
    booktitle = "47\textsuperscript{th} {AIAA} Aerospace Sciences Meeting",
    year      = "2009",
    %month    = "",
    %publisher= "",
    %note     = "",
}

@article{gmsh:untangling,
    author    = "T. Toulorge and C. Geuzaine and J.-F. Remacle and J. Lambrechts",
    title     = "Robust untangling of curvilinear meshes",
    journal   = "Journal of Computational Physics",
    volume   = "254",
    pages    = "8-26",
    year      = "2013",
    %month    = "",
    %note     = "",
}

@article{gmsh,
    author    = "C. Geuzaine and J.-F. Remacle",
    title     = "Gmsh: a three-dimensional finite element mesh generator with built-in pre- and post-processing facilities",
    journal   = "International Journal for Numerical Methods in Engineering",
    volume   = "79",
    number = "11",
    pages    = "1309-1331",
    year      = "2009",
    %month    = "",
    %note     = "",
}

@conference{curve:quality,
    author    = "X. Roca and A. Gargallo-Peiro and J. Sarrate",
    title     = "Defining quality measures for high-order planar triangles and curved mesh generation",
    booktitle = "Proceedings of the 20th International Meshing Roundtable",
    pages    = "365-383",
    year      = "2012",
    publisher= "Springer Berlin Heidelberg",
}

%% ------------ basics --------------

@inbook{gockenbach,
    author    = "M.S. Gockenback",
    title     = "Understanding and Implementing the Finite Element Method",
    publisher = "Society for Industrial and Applied Mathematics",
    year      = "2006",
    chapter = "9",
    pages = "213-218"
}

%% ------------------- applications -----------

@article{appl:opt,
	author = "S. Jakobsson and O. Amoignon",
	title = "Mesh deformation using radial basis functions for gradient-based aerodynamic shape opitimization",
	journal = "Computers \& {F}luids",
	volume = "36",
	pages = "1119--1136",
	year = "2007"
}

% uses simple lineal spring analogy
@article{appl:mavriplis,
Author = "L. Wang and D.J. Mavriplis and W.K. Anderson",
Title = "Adjoint sensitivity formulation for High-order Discontinuous {G}alerkin Discretizations in Unsteady inviscid flow Problems",
JOURNAL="AIAA journal",
VOLUME= "48",
number = "12",
YEAR="2010"
}

%% ------------ others ------------

@book{isogeometric,
    author    = "J.A. Cottrell and T.J.R. Hughes and Y. Bazilevs",
    title     = "Isogeometric Analysis",
    publisher = "John Wiley \& Sons, Ltd",
    year      = "2009",
}
